@unpublished{griffinFSM,
	author = {Griffin, Timothy G.},
	title = {{A Finite State Model Update Propagation for Hard-State Path-Vector Protocols}},
}

@inproceedings{fabrikant,
    address = {Shanghai, China},
    author = {Fabrikant, Alex and Syed, Umar and Rexford, Jennifer},
    booktitle = {30th IEEE Int.\ Conf.\ on Computer Communications (INFOCOM 2011)},
    month = {Apr.\},
    title = {{There's something about MRAI: Timing diversity can exponentially worsen BGP convergence}},
    year = {2011}
}

@thesis{AgdaHardStateVectoringRouting,
	author= {van der Stoe, pLex M.},
	title = {{An Agda Formalisation of a Hard-state Vectoring Routing Protocol}},
	year = {2019}
}

@article{labovitz2000delayed,
  title={Delayed Internet routing convergence},
  author={Labovitz, Craig and Ahuja, Abha and Bose, Abhijit and Jahanian, Farnam},
  journal={ACM SIGCOMM Computer Communication Review},
  volume={30},
  number={4},
  pages={175--187},
  year={2000},
  publisher={ACM New York, NY, USA}
}

@inproceedings{griffin2001experimental,
  title={An experimental analysis of BGP convergence time},
  author={Griffin, Timothy G and Premore, Brian J},
  booktitle={Proceedings Ninth International Conference on Network Protocols. ICNP 2001},
  pages={53--61},
  year={2001},
  organization={IEEE}
}

@article{Tange2011a,
  title = {GNU Parallel - The Command-Line Power Tool},
  author = {O. Tange},
  address = {Frederiksberg, Denmark},
  journal = {;login: The USENIX Magazine},
  month = {Feb},
  number = {1},
  volume = {36},
  url = {http://www.gnu.org/s/parallel},
  year = {2011},
  pages = {42-47},
  doi = {http://dx.doi.org/10.5281/zenodo.16303}
}

@article{elmokashfi,
    author = {Elmokashfi, Ahmed and Kvalbein, Amund and Dovrolis, Constantine},
    title = {{On the Scalability of BGP: The Role of Topology Growth}},
    journal = {IEEE Jou.\ on Selected Areas in Communications (JSAC)},
    volume = {28},
    number = {8},
    pages = {1250--1261},
    year = {2010},
    month = {10},
    _doi = {10.1109/JSAC.2010.101003},
    _issn = {0733-8716}
}

@inproceedings{milani2020improving,
  title={Improving BGP Convergence with Fed4FIRE+ Experiments},
  author={Milani, Mattia and Nesler, Marco and Segata, Michele and Baldesi, Luca and Maccari, Leonardo and Cigno, Renato Lo},
  booktitle={IEEE INFOCOM 2020-IEEE Conference on Computer Communications Workshops (INFOCOM WKSHPS)},
  pages={816--823},
  year={2020},
  organization={IEEE}
}

@article{MaLo18_ToN,
author  = {Maccari, Leonardo and Lo~Cigno, Renato},
journal     = {{IEEE/ACM Trans.\ on Networking}},
title       = {{Improving Routing Convergence With Centrality: Theory and Implementation of Pop-Routing}},
year        = {2018},
month   = {Oct.},
volume  = {26},
number  = {5},
pages       = {2216-2229},
_doi        = {10.1109/TNET.2018.2865886},
_url            = {https://ieeexplore.ieee.org/document/8457534},
print_issn      = {1063-6692},
elec_issn       = {1558-2566}
}

@inproceedings{GhiMa18_infocom,
author     = {Maccari, Leonardo and Ghiro, Lorenzo and Guerrieri, Alessio and Montresor, Alberto and Lo~Cigno, Renato},
title         = {{On the Distributed Computation of Load Centrality and Its Application to DV Routing}},
booktitle  = {{37th IEEE Int.\ Conf.\ on Computer Communications (INFOCOM)}},
pages      = {2582-2590},
address   = {Honolulu, HI, USA},
year        = {2018},
month     = {Apr.},
_url          = {https://ieeexplore.ieee.org/document/8486345},
_doi          = {https://doi.org/10.1109/INFOCOM.2018.8486345},
elec_isbn = {978-1-5386-4128-6},
pod_isbn = {978-1-5386-4129-3}
}

@article{Brandes2008variants,
    title = {{On Variants of Shortest-Path Betweenness Centrality and their Generic Computation}},
    author={Brandes, Ulrik},
    journal={Social Networks},
    volume={30},
    number={2},
    pages={136--145},
    year={2008},
    publisher={Elsevier},
    month={May}
}

@inproceedings{daggitt2018rate,
  title={Rate of convergence of increasing path-vector routing protocols},
  author={Daggitt, Matthew L and Griffin, Timothy G},
  booktitle={2018 IEEE 26th International Conference on Network Protocols (ICNP)},
  pages={335--345},
  year={2018},
  organization={IEEE}
}

@inproceedings{daggitt2018asynchronous,
  title={Asynchronous convergence of policy-rich distributed bellman-ford routing protocols},
  author={Daggitt, Matthew L and Gurney, Alexander JT and Griffin, Timothy G},
  booktitle={Proceedings of the 2018 Conference of the ACM Special Interest Group on Data Communication},
  pages={103--116},
  year={2018}
}
