@unpublished{griffinFSM,
	author = {Griffin, Timothy G.},
	title = {{A Finite State Model Update Propagation for Hard-State Path-Vector Protocols}},
}

@inproceedings{fabrikant,
    address = {Shanghai, China},
    author = {Fabrikant, Alex and Syed, Umar and Rexford, Jennifer},
    booktitle = {30th IEEE Int.\ Conf.\ on Computer Communications (INFOCOM 2011)},
    month = {Apr.\},
    title = {{There's something about MRAI: Timing diversity can exponentially worsen BGP convergence}},
    year = {2011}
}

@article{labovitz2000delayed,
  title={Delayed Internet routing convergence},
  author={Labovitz, Craig and Ahuja, Abha and Bose, Abhijit and Jahanian, Farnam},
  journal={ACM SIGCOMM Computer Communication Review},
  volume={30},
  number={4},
  pages={175--187},
  year={2000},
  publisher={ACM New York, NY, USA}
}

@inproceedings{griffin2001experimental,
  title={An experimental analysis of BGP convergence time},
  author={Griffin, Timothy G and Premore, Brian J},
  booktitle={Proceedings Ninth International Conference on Network Protocols. ICNP 2001},
  pages={53--61},
  year={2001},
  organization={IEEE}
}

@article{Tange2011a,
  title = {GNU Parallel - The Command-Line Power Tool},
  author = {O. Tange},
  address = {Frederiksberg, Denmark},
  journal = {;login: The USENIX Magazine},
  month = {Feb},
  number = {1},
  volume = {36},
  url = {http://www.gnu.org/s/parallel},
  year = {2011},
  pages = {42-47},
  doi = {http://dx.doi.org/10.5281/zenodo.16303}
}

@article{elmokashfi,
    author = {Elmokashfi, Ahmed and Kvalbein, Amund and Dovrolis, Constantine},
    title = {{On the Scalability of BGP: The Role of Topology Growth}},
    journal = {IEEE Jou.\ on Selected Areas in Communications (JSAC)},
    volume = {28},
    number = {8},
    pages = {1250--1261},
    year = {2010},
    month = {10},
    _doi = {10.1109/JSAC.2010.101003},
    _issn = {0733-8716}
}

