@unpublished{griffinFSM,
	author = {Griffin, Timothy G.},
	title = {{A Finite State Model Update Propagation for Hard-State Path-Vector Protocols}},
}
